[gd_scene load_steps=9 format=2]

[ext_resource path="res://cutscene/Cutscene.tscn" type="PackedScene" id=1]
[ext_resource path="res://demo/shared_assets/background1.png" type="Texture" id=2]
[ext_resource path="res://demo/demo2/assets/background3.png" type="Texture" id=3]
[ext_resource path="res://textwriter/TextWriter.tscn" type="PackedScene" id=4]
[ext_resource path="res://demo/demo2/assets/autumn_theme.ogg" type="AudioStream" id=5]
[ext_resource path="res://demo/shared_assets/elven_theme.ogg" type="AudioStream" id=6]

[sub_resource type="DynamicFontData" id=1]
font_path = "res://demo/demo2/assets/ferrum.otf"

[sub_resource type="DynamicFont" id=2]
size = 32
outline_size = 4
outline_color = Color( 0.980392, 0.921569, 0.0509804, 1 )
font_data = SubResource( 1 )

[node name="DemoScene2" instance=ExtResource( 1 )]
id = "cutscene2"
textWriterPositions = [ NodePath("TextWriterNodes/TextWriter"), NodePath("TextWriterNodes/TextWriter2"), NodePath("TextWriterNodes/TextWriter3"), NodePath("TextWriterNodes/TextWriter4") ]
textsToShow = [ "Oh nooo... A new Godot scene has been loaded in background and the spring is gone in it!", "How sad... isn't there more?", "Sure we can simply restart a new spring in this scene!", "By resetting the image...", "and fade the sound to the other sound file!", "Cool i can toggle the image, sound and texposition as i need!", "It's even possible to use different font layout if i need!", "And also i can define scenes that are loaded in background while playing the audiovisual novel.", "And all without coding required!", "Feel free to ask questions at the project GIT! ", "Thanks for using this! Have a great time with the audiovisual novel template!" ]
positions = [ 0, 0, 0, 1, 1, 2, 3, 2, 1, 1, 0 ]
backgroundImgs = [ ExtResource( 3 ), ExtResource( 2 ) ]
backgroundImgMapping = [ 0, 0, 0, 1, 1, 1, 1, 1, 1, 1, 1 ]
backgroundSounds = [ ExtResource( 5 ), ExtResource( 6 ) ]
backgroundSoundsMapping = [ 0, 0, 0, 0, 1, 1, 1, 1, 1, 1 ]

[node name="Background" parent="." index="0"]
modulate = Color( 1, 1, 1, 1 )
texture = ExtResource( 3 )

[node name="TextWriter" parent="TextWriterNodes" index="0"]
margin_left = -372.0
margin_top = -506.0
margin_right = 328.0
margin_bottom = -206.0

[node name="TextWriter2" parent="TextWriterNodes" index="1" instance=ExtResource( 4 )]
margin_left = -682.0
margin_top = 214.0
margin_right = 17.9999
margin_bottom = 514.0
text = ""

[node name="TextWriter3" parent="TextWriterNodes" index="2" instance=ExtResource( 4 )]
margin_left = 4.0
margin_top = 220.0
margin_right = 704.0
margin_bottom = 520.0
text = ""

[node name="TextWriter4" parent="TextWriterNodes" index="3" instance=ExtResource( 4 )]
custom_fonts/font = SubResource( 2 )
text = ""
align = 1
valign = 1

[connection signal="last_text_displayed" from="TextWriterNodes/TextWriter2" to="." method="_on_TextWriter_last_text_displayed"]
[connection signal="text_displayed" from="TextWriterNodes/TextWriter2" to="." method="_on_TextWriter_text_displayed"]
[connection signal="last_text_displayed" from="TextWriterNodes/TextWriter3" to="." method="_on_TextWriter_last_text_displayed"]
[connection signal="text_displayed" from="TextWriterNodes/TextWriter3" to="." method="_on_TextWriter_text_displayed"]
[connection signal="last_text_displayed" from="TextWriterNodes/TextWriter4" to="." method="_on_TextWriter_last_text_displayed"]
[connection signal="text_displayed" from="TextWriterNodes/TextWriter4" to="." method="_on_TextWriter_text_displayed"]
